@ARTICLE{Astropy Collaboration_2018,
       author = {{Astropy Collaboration} and {Price-Whelan}, A.~M. and
         {Sip{\H{o}}cz}, B.~M. and {G{\"u}nther}, H.~M. and {Lim}, P.~L. and
         {Crawford}, S.~M. and {Conseil}, S. and {Shupe}, D.~L. and
         {Craig}, M.~W. and {Dencheva}, N. and {Ginsburg}, A. and {Vand
        erPlas}, J.~T. and {Bradley}, L.~D. and {P{\'e}rez-Su{\'a}rez}, D. and
         {de Val-Borro}, M. and {Aldcroft}, T.~L. and {Cruz}, K.~L. and
         {Robitaille}, T.~P. and {Tollerud}, E.~J. and {Ardelean}, C. and
         {Babej}, T. and {Bach}, Y.~P. and {Bachetti}, M. and {Bakanov}, A.~V. and
         {Bamford}, S.~P. and {Barentsen}, G. and {Barmby}, P. and
         {Baumbach}, A. and {Berry}, K.~L. and {Biscani}, F. and {Boquien}, M. and
         {Bostroem}, K.~A. and {Bouma}, L.~G. and {Brammer}, G.~B. and
         {Bray}, E.~M. and {Breytenbach}, H. and {Buddelmeijer}, H. and
         {Burke}, D.~J. and {Calderone}, G. and {Cano Rodr{\'\i}guez}, J.~L. and
         {Cara}, M. and {Cardoso}, J.~V.~M. and {Cheedella}, S. and {Copin}, Y. and
         {Corrales}, L. and {Crichton}, D. and {D'Avella}, D. and {Deil}, C. and
         {Depagne}, {\'E}. and {Dietrich}, J.~P. and {Donath}, A. and
         {Droettboom}, M. and {Earl}, N. and {Erben}, T. and {Fabbro}, S. and
         {Ferreira}, L.~A. and {Finethy}, T. and {Fox}, R.~T. and
         {Garrison}, L.~H. and {Gibbons}, S.~L.~J. and {Goldstein}, D.~A. and
         {Gommers}, R. and {Greco}, J.~P. and {Greenfield}, P. and
         {Groener}, A.~M. and {Grollier}, F. and {Hagen}, A. and {Hirst}, P. and
         {Homeier}, D. and {Horton}, A.~J. and {Hosseinzadeh}, G. and {Hu}, L. and
         {Hunkeler}, J.~S. and {Ivezi{\'c}}, {\v{Z}}. and {Jain}, A. and
         {Jenness}, T. and {Kanarek}, G. and {Kendrew}, S. and {Kern}, N.~S. and
         {Kerzendorf}, W.~E. and {Khvalko}, A. and {King}, J. and {Kirkby}, D. and
         {Kulkarni}, A.~M. and {Kumar}, A. and {Lee}, A. and {Lenz}, D. and
         {Littlefair}, S.~P. and {Ma}, Z. and {Macleod}, D.~M. and
         {Mastropietro}, M. and {McCully}, C. and {Montagnac}, S. and
         {Morris}, B.~M. and {Mueller}, M. and {Mumford}, S.~J. and {Muna}, D. and
         {Murphy}, N.~A. and {Nelson}, S. and {Nguyen}, G.~H. and
         {Ninan}, J.~P. and {N{\"o}the}, M. and {Ogaz}, S. and {Oh}, S. and
         {Parejko}, J.~K. and {Parley}, N. and {Pascual}, S. and {Patil}, R. and
         {Patil}, A.~A. and {Plunkett}, A.~L. and {Prochaska}, J.~X. and
         {Rastogi}, T. and {Reddy Janga}, V. and {Sabater}, J. and
         {Sakurikar}, P. and {Seifert}, M. and {Sherbert}, L.~E. and
         {Sherwood-Taylor}, H. and {Shih}, A.~Y. and {Sick}, J. and
         {Silbiger}, M.~T. and {Singanamalla}, S. and {Singer}, L.~P. and
         {Sladen}, P.~H. and {Sooley}, K.~A. and {Sornarajah}, S. and
         {Streicher}, O. and {Teuben}, P. and {Thomas}, S.~W. and
         {Tremblay}, G.~R. and {Turner}, J.~E.~H. and {Terr{\'o}n}, V. and
         {van Kerkwijk}, M.~H. and {de la Vega}, A. and {Watkins}, L.~L. and
         {Weaver}, B.~A. and {Whitmore}, J.~B. and {Woillez}, J. and
         {Zabalza}, V. and {Astropy Contributors}},
        title = "{The Astropy Project: Building an Open-science Project and Status of the v2.0 Core Package}",
      journal = {\aj},
     keywords = {methods: data analysis, methods: miscellaneous, methods: statistical, reference systems, Astrophysics - Instrumentation and Methods for Astrophysics},
         year = 2018,
        month = sep,
       volume = {156},
       number = {3},
          eid = {123},
        pages = {123},
          doi = {10.3847/1538-3881/aabc4f},
archivePrefix = {arXiv},
       eprint = {1801.02634},
 primaryClass = {astro-ph.IM},
       adsurl = {https://ui.adsabs.harvard.edu/abs/2018AJ....156..123A},
      adsnote = {Provided by the SAO/NASA Astrophysics Data System}
}


@misc{Bovy_2017, 
    author={Bovy, Jo},
    title={Gravitation in elliptical galaxies and dark matter halos¶},
    year={2017},
    url={http://astro.utoronto.ca/~bovy/AST1420/notes/notebooks/III-01.-Triaxial-Mass-Distributions.html}, 
    journal={Dynamics and Astrophysics of Galaxies}, 
    publisher={University of Toronto}, 
}

@article{Cox_2008,
    title={The collision between the Milky Way and Andromeda},
    volume={386},
    ISSN={1365-2966},
    url={http://dx.doi.org/10.1111/j.1365-2966.2008.13048.x},
    DOI={10.1111/j.1365-2966.2008.13048.x},
    number={1},
    journal={Monthly Notices of the Royal Astronomical Society},
    publisher={Oxford University Press (OUP)},
    author={Cox, T. J. and Loeb, Abraham},
    year={2008},
    month={May},
    pages={461–474}
}

@article{Drakos_2019,
    author = {Drakos, Nicole E. and Taylor, James E. and Berrouet, Anael and
    Robotham, Aaron S.~G. and Power, Chris},
    title = "{Major mergers between dark matter haloes - I. Predictions for size, shape, and spin}",
    journal = {\mnras},
    keywords = {methods: numerical, galaxies: haloes, dark matter, cosmology: theory, Astrophysics - Astrophysics of Galaxies, Astrophysics - Cosmology and Nongalactic Astrophysics},
    year = {2019}, 
    month = {jul},
    volume = {487},
    number = {1},
    pages = {993-1007},
    doi = {10.1093/mnras/stz1306},
    archivePrefix = {arXiv},
    eprint = {1811.12839},
    primaryClass = {astro-ph.GA},
    adsurl = {https://ui.adsabs.harvard.edu/abs/2019MNRAS.487..993D},
    adsnote = {Provided by the SAO/NASA Astrophysics Data System}
}

@article{Dubinski_2008,
	doi = {10.1088/1367-2630/10/12/125002},
	url = {https://doi.org/10.1088%2F1367-2630%2F10%2F12%2F125002},
	year = {2008},
	month = {dec},
	publisher = {{IOP} Publishing},
	volume = {10},
	number = {12},
	pages = {125002},
	author = {Dubinski, John},
	title = {Visualizing {astrophysicalN}-body systems},
	journal = {New Journal of Physics},
}

@misc{Dunbar_2012, 
    title={NASA's Hubble Shows Milky Way is Destined for Head-On Collision}, 
    url={https://www.nasa.gov/mission_pages/hubble/science/milky-way-collide.html}, 
    journal={NASA},
    publisher={NASA}, 
    author={Dunbar, Brian and Garner, Robert}, 
    year={2012}, 
    month={May}
}

@misc{Garner_2017, 
    title={Discoveries - Highlights},
    url={https://www.nasa.gov/content/discoveries-highlights-shining-a-light-on-dark-matter},
    journal={NASA}, 
    publisher={NASA}, 
    author={Garner, Rob}, 
    year={2017}, 
    month={Feb}
}

@article{Hayashi_2014,
    title={THE PROLATE DARK MATTER HALO OF THE ANDROMEDA GALAXY},
    volume={789},
    ISSN={1538-4357},
    url={http://dx.doi.org/10.1088/0004-637X/789/1/62},
    DOI={10.1088/0004-637x/789/1/62},
    number={1},
    journal={The Astrophysical Journal},
    publisher={IOP Publishing},
    author={Hayashi, Kohei and Chiba, Masashi},
    year={2014},
    month={Jun},
    pages={62}
}

@article{Helmi_2018,
    author={Helmi, Amina and Babusiaux, Carine and Koppelman, Helmer H. and Massari, Davide and Veljanoski, Jovan and Brown, Anthony G. A.},
    title={The merger that led to the formation of the Milky Way’s inner stellar halo and thick disk},
    year={2018},
    month={Oct},
    volume={563},
    number={7729},
    pages={85–88},
    ISSN={1476-4687},
    journal={Nature},
    publisher={Springer Science and Business Media LLC},
    doi={10.1038/s41586-018-0625-x},
    adsurl={http://dx.doi.org/10.1038/s41586-018-0625-x},
}

@article{Hoffman_2007,
    doi = {10.1088/1475-7516/2007/10/016},
    url = {https://doi.org/10.1088%2F1475-7516%2F2007%2F10%2F016},
    year = {2007},
    month = {oct},
    publisher = {{IOP} Publishing},
    volume = {2007},
    number = {10},
    pages = {016--016},
    author = {Hoffman, Yehuda  and Lahav, Ofer and Yepes, Gustavo and Dover, Yaniv},
    title = {The future of the local large scale structure: the roles of dark matter and dark energy},
    journal = {Journal of Cosmology and Astroparticle Physics},
}

@Article{Hunter_2007,
  Author    = {Hunter, J. D.},
  Title     = {Matplotlib: A 2D graphics environment},
  Journal   = {Computing in Science \& Engineering},
  Volume    = {9},
  Number    = {3},
  Pages     = {90--95},
  abstract  = {Matplotlib is a 2D graphics package used for Python for
  application development, interactive scripting, and publication-quality
  image generation across user interfaces and operating systems.},
  publisher = {IEEE COMPUTER SOC},
  doi       = {10.1109/MCSE.2007.55},
  year      = 2007
}

@ARTICLE{Law_2010,  
    author= {Law, David},
    title= "{Astronomers map the shape of galactic dark matter}",
    journal = {Astronomy.com},
    year= {2010}, 
    month= {jan},
    archivePrefix = {arXiv},
    adsurl ={https://astronomy.com/news/2010/01/astronomers-map-the-shape-of-galactic-dark-matter},
}

@article{Marel_2012,
    author={Marel, Roeland P. Van Der and Besla, Gurtina and Cox, T. J. and Sohn, Sangmo Tony and Anderson, Jay}, 
    title={The M31 Velocity Vector. Iii. Future Milky Way M31–M33 Orbital Evolution, Merging, And Fate Of The Sun},
    journal = {\apj}
    year={2012}, 
    month={Aug}, 
    volume={753},  
    number={1},
    pages={9},
    doi={10.1088/0004-637x/753/1/9},
    archivePrefix = {arXiv},
    adsurl ={https://iopscience.iop.org/article/10.1088/0004-637X/753/1/9}, 
}

@ARTICLE{Perez_2007,
  author={F. {Perez} and B. E. {Granger}},
  journal={Computing in Science   Engineering}, 
  title={IPython: A System for Interactive Scientific Computing}, 
  year={2007},
  volume={9},
  number={3},
  pages={21-29},}


@article{Prada_2006,
	doi = {10.1086/504456},
	url = {https://doi.org/10.1086%2F504456},
	year = 2006,
	month = {jul},
	publisher = {{IOP} Publishing},
	volume = {645},
	number = {2},
	pages = {1001--1011},
	author = {Francisco Prada and Anatoly A. Klypin and Eduardo Simonneau and Juan Betancort-Rijo and Santiago Patiri and Stefan Gottlober and Miguel A. Sanchez-Conde},
	title = {How Far Do They Go? The Outer Structure of Galactic Dark Matter Halos},
	journal = {The Astrophysical Journal}
}

@ARTICLE{SciPy_2020,
       author = {{Virtanen}, Pauli and {Gommers}, Ralf and {Oliphant},
         Travis E. and {Haberland}, Matt and {Reddy}, Tyler and
         {Cournapeau}, David and {Burovski}, Evgeni and {Peterson}, Pearu
         and {Weckesser}, Warren and {Bright}, Jonathan and {van der Walt},
         St{\'e}fan J.  and {Brett}, Matthew and {Wilson}, Joshua and
         {Jarrod Millman}, K.  and {Mayorov}, Nikolay and {Nelson}, Andrew
         R.~J. and {Jones}, Eric and {Kern}, Robert and {Larson}, Eric and
         {Carey}, CJ and {Polat}, {\.I}lhan and {Feng}, Yu and {Moore},
         Eric W. and {Vand erPlas}, Jake and {Laxalde}, Denis and
         {Perktold}, Josef and {Cimrman}, Robert and {Henriksen}, Ian and
         {Quintero}, E.~A. and {Harris}, Charles R and {Archibald}, Anne M.
         and {Ribeiro}, Ant{\^o}nio H. and {Pedregosa}, Fabian and
         {van Mulbregt}, Paul and {Contributors}, SciPy 1. 0},
        title = "{SciPy 1.0: Fundamental Algorithms for Scientific
                  Computing in Python}",
      journal = {Nature Methods},
      year = "2020",
      volume={17},
      pages={261--272},
      adsurl = {https://rdcu.be/b08Wh},
      doi = {https://doi.org/10.1038/s41592-019-0686-2},
}

@ARTICLE{Van Der Walt_2011,
  author={S. {van der Walt} and S. C. {Colbert} and G. {Varoquaux}},
  journal={Computing in Science   Engineering}, 
  title={The NumPy Array: A Structure for Efficient Numerical Computation}, 
  year={2011},
  volume={13},
  number={2},
  pages={22-30},}
  
@article{Wechsler_2018,
    author = {Wechsler, Risa H. and Tinker, Jeremy L.},
    title = {The Connection Between Galaxies and Their Dark Matter Halos},
    journal = {Annual Review of Astronomy and Astrophysics},
    volume = {56},
    number = {1},
    pages = {435-487},
    year = {2018},
    doi = {10.1146/annurev-astro-081817-051756},
    
    URL = {https://doi.org/10.1146/annurev-astro-081817-051756    },
    eprint = {https://doi.org/10.1146/annurev-astro-081817-051756},
}

